@book{hahs-vaughn2020,
	title = {An Introduction to Statistical Concepts},
	author = {Hahs-Vaughn, Debbie L. and Lomax, Richard G.},
	year = {2020},
	month = {02},
	date = {2020-02-20},
	publisher = {Routledge},
	edition = {4},
	doi = {10.4324/9781315624358},
	note = {DOI: 10.4324/9781315624358},
	address = {New York}
}

@book{hahs-vaughn2020a,
	title = {An Introduction to Statistical Concepts},
	author = {Hahs-Vaughn, Debbie L. and Lomax, Richard G.},
	year = {2020},
	month = {02},
	date = {2020-02-20},
	publisher = {Routledge},
	edition = {4},
	doi = {10.4324/9781315624358},
	note = {DOI: 10.4324/9781315624358},
	address = {New York}
}

@Book{xie2015,
  title = {Dynamic Documents with {R} and knitr},
  author = {Yihui Xie},
  publisher = {Chapman and Hall/CRC},
  address = {Boca Raton, Florida},
  year = {2015},
  edition = {2nd},
  note = {ISBN 978-1498716963},
  url = {http://yihui.org/knitr/},
}
